<?xml version="1.0" encoding="UTF-8"?>
<record xmlns="http://www.loc.gov/MARC21/slim">
   <leader>00814cam a22002055  4500</leader>
   <controlfield tag="001">2540472</controlfield>
   <controlfield tag="003">NjP</controlfield>
   <controlfield tag="005">20170830174545.0</controlfield>
   <controlfield tag="008">990630s1881    ua            000 0 ara d</controlfield>
   <datafield tag="024" ind1="7" ind2=" ">
      <subfield code="a">princeton_aco003819</subfield>
      <subfield code="2">local</subfield>
   </datafield>
   <datafield ind1=" " ind2=" " tag="035">
      <subfield code="a">(OCoLC)ocm41630212</subfield>
   </datafield>
   <datafield ind1=" " ind2=" " tag="035">
      <subfield code="9">CLY8013TS</subfield>
   </datafield>
   <datafield ind1=" " ind2=" " tag="040">
      <subfield code="a">PUL</subfield>
      <subfield code="c">PUL</subfield>
   </datafield>
   <datafield ind1="1" ind2=" " tag="100">
      <subfield code="a">Bājūrī, Ibrāhīm ibn Muḥammad,</subfield>
      <subfield code="d">1783 or 4-1860.</subfield>
      <subfield code="0">http://id.loc.gov/authorities/names/n84030637</subfield>
   </datafield>
   <datafield ind1="0" ind2="0" tag="245">
      <subfield code="a">Ḥāshiyat ...</subfield>
      <subfield code="c">al-Bayjūrī al-musammāh bi Taḥqīq al-maqām ʻalā Kifāyat al-ʻawāmm fī ʻilm al-kalām, li-Muḥammad al-Faḍālī.</subfield>
   </datafield>
   <datafield ind1=" " ind2=" " tag="260">
      <subfield code="a">[Cairo,</subfield>
      <subfield code="b">al-Maṭbaʻah al-Wahbīyah,</subfield>
      <subfield code="c">1298 [1881]]</subfield>
   </datafield>
   <datafield ind1=" " ind2=" " tag="300">
      <subfield code="a">104 p.</subfield>
      <subfield code="c">24 cm.</subfield>
   </datafield>
   <datafield ind1=" " ind2=" " tag="546">
      <subfield code="a">In Arabic.</subfield>
   </datafield>
   <datafield ind1=" " ind2=" " tag="590">
      <subfield code="a">Photocopy.</subfield>
   </datafield>
   <datafield ind1=" " ind2=" " tag="945">
      <subfield code="a">SY</subfield>
      <subfield code="b">1</subfield>
      <subfield code="c">2269.3153.567.1881</subfield>
   </datafield>
   <datafield ind1=" " ind2=" " tag="911">
      <subfield code="a">19990912</subfield>
   </datafield>
   <datafield ind1="0" ind2="0" tag="852">
      <subfield code="0">2843803</subfield>
      <subfield code="b">rcppa</subfield>
      <subfield code="h">BP166</subfield>
      <subfield code="i">.B358 1881</subfield>
      <subfield code="x">tr fr nec</subfield>
   </datafield>
   <datafield ind1=" " ind2=" " tag="959">
      <subfield code="a">2002-01-15 13:09:26 -0400</subfield>
   </datafield>
</record>
